@Manual{pkg:naniar,
  title = {\pkg{naniar}: Data Structures, Summaries, and Visualisations for Missing Data},
  author = {Nicholas Tierney and Di Cook and Miles McBain and Colin Fay},
  year = {2021},
  note = {\proglang{R}~package version~0.6.1},
  url = {https://CRAN.R-project.org/package=naniar},
}

@Manual{pkg:MissingDataGUI,
  title = {\pkg{MissingDataGUI}: A GUI for Missing Data Exploration},
  author = {Xiaoyue Cheng and Dianne Cook and Heike Hofmann},
  year = {2011},
  note = {\proglang{R}~package version~0.1-1},
  url = {https://CRAN.R-project.org/src/contrib/Archive/MissingDataGUI/},
}

@Manual{inspectdf,
  title = {\pkg{inspectdf}: Inspection, Comparison and Visualisation of Data Frames},
  author = {Alastair Rushworth},
  year = {2022},
  note = {\proglang{R}~package version~0.0.12},
  url = {https://CRAN.R-project.org/package=inspectdf},
}

@Manual{norm,
  author = {Alvaro A. Novo and Joseph L. Schafer},
  title = {\pkg{norm}: Analysis of Multivariate Normal Datasets with Missing Values},
  year = {2022},
  note = {\proglang{R}~package version~1.0-10.0; Ported to \proglang{R} by Alvaro A. Novo. Original by Joseph L. Schafer},
  url = {https://CRAN.R-project.org/package=norm},
}

@Article{Barnett2017,
  author = {Adrian G. Barnett and Paul McElwee and Andrea Nathan and Nicola W. Burton and Gavin Turrell},
  title = {Identifying Patterns of Item Missing Survey Data Using Latent Groups: An Observational Study},
  year = {2017},
  number = {10},
  journal = {BMJ Open},
  pages = {e017284},
  volume = {7},
  shorttitle = {Identifying patterns of item missing survey data using latent groups},
  doi = {10.1136/bmjopen-2017-017284},
}

@Article{Bilogur2018,
  author = {Aleksey Bilogur},
  title = {\pkg{Missingno}: a Missing Data Visualization Suite},
  year = {2018},
  number = {22},
  journal = {Journal of Open Source Software},
  pages = {547},
  volume = {3},
  doi = {10.21105/joss.00547},
}

@Article{Broman2018,
  author = {Karl W. Broman and Kara H. Woo},
  title = {Data {Organization} in {Spreadsheets}},
  year = {2018},
  number = {1},
  journal = {The American Statistician},
  pages = {2--10},
  volume = {72},
  doi = {10.1080/00031305.2017.1375989},
}

@Article{mice,
  author = {Stef {van Buuren} and Karin Groothuis-Oudshoorn},
  title = {\pkg{mice}: {Multivariate} {Imputation} by {Chained} {Equations} in \proglang{R}},
  year = {2011},
  number = {1},
  journal = {Journal of Statistical Software},
  pages = {1--67},
  volume = {45},
  doi = {10.18637/jss.v045.i03},
}

@Article{Cheng2015,
  author = {Xiaoyue Cheng and Dianne Cook and Heike Hofmann},
  title = {Visually {Exploring} {Missing} {Values} in {Multivariable} {Data} {Using} a {Graphical} {User} {Interface}},
  year = {2015},
  number = {1},
  journal = {Journal of Statistical Software},
  pages = {1--23},
  volume = {68},
  doi = {10.18637/jss.v068.i06},
}

@Article{Conway2017,
  author = {Jake R. Conway and Alexander Lex and Nils Gehlenborg},
  title = {\pkg{UpSetR}: An \proglang{R}~package for the Visualization of Intersecting Sets and Their Properties},
  year = {2017},
  number = {18},
  journal = {Bioinformatics},
  pages = {2938--2940},
  volume = {33},
  doi = {10.1093/bioinformatics/btx364},
}

@Book{Cook2007,
  author = {Dianne Cook and Deborah F. Swayne},
  title = {Interactive and {Dynamic} {Graphics} for {Data} {Analysis}: {With} \proglang{R} and \proglang{GGobi}},
  shorttitle = {Interactive and {Dynamic} {Graphics} for {Data} {Analysis}},
  year = {2007},
  doi = {10.1007/978-0-387-71762-3},
  address = {New York},
  publisher = {Springer-Verlag},
}

@Article{Dempster1977,
  author = {A. P. Dempster and N. M. Laird and D. B. Rubin},
  title = {Maximum {Likelihood} from {Incomplete} {Data} {Via} the {EM} {Algorithm}},
  year = {1977},
  number = {1},
  journal = {Journal of the Royal Statistical Society~B},
  pages = {1--22},
  volume = {39},
  doi = {10.1111/j.2517-6161.1977.tb01600.x},
}

@Article{Donoho2017,
  author = {David Donoho},
  title = {50~{Years} of {Data} {Science}},
  year = {2017},
  number = {4},
  journal = {Journal of Computational and Graphical Statistics},
  pages = {745--766},
  volume = {26},
  doi = {10.1080/10618600.2017.1384734},
}

@Article{Durre2008-ghcn,
  author = {Imke Durre and Matthew J. Menne and Russell S. Vose},
  title = {Strategies for {Evaluating} {Quality} {Assurance} {Procedures}},
  year = {2008},
  number = {6},
  journal = {Journal of Applied Meteorology and Climatology},
  pages = {1785--1791},
  volume = {47},
  doi = {10.1175/2007jamc1706.1},
}

@Article{Ellis2018,
  author = {Shannon E. Ellis and Jeffrey T. Leek},
  title = {How to {Share} {Data} for {Collaboration}},
  year = {2018},
  number = {1},
  journal = {The American Statistician},
  pages = {53--57},
  volume = {72},
  doi = {10.1080/00031305.2017.1375987},
}

@Manual{Hmisc,
  author = {Frank E {Harrell Jr}},
  title = {\pkg{Hmisc}: {Harrell} Miscellaneous},
  year = {2022},
  note = {\proglang{R}~package version~4.7-1},
  url = {https://CRAN.R-project.org/package=Hmisc},
}

@Article{lubridate,
  author = {Garrett Grolemund and Hadley Wickham},
  title = {Dates and {Times} {Made} {Easy} with \pkg{lubridate}},
  year = {2011},
  number = {1},
  journal = {Journal of Statistical Software},
  pages = {1--25},
  volume = {40},
  doi = {10.18637/jss.v040.i03},
}

@Manual{purrr,
  author = {Lionel Henry and Hadley Wickham},
  title = {\pkg{purrr}: Functional Programming Tools},
  year = {2020},
  note = {\proglang{R}~package version~0.3.4},
  url = {https://CRAN.R-project.org/package=purrr},
}

@Article{Honaker2010,
  author = {James Honaker and Gary King},
  title = {What to {Do} about {Missing} {Values} in {Time}-{Series} {Cross}-{Section} {Data}},
  year = {2010},
  number = {2},
  journal = {American Journal of Political Science},
  pages = {561--581},
  volume = {54},
  doi = {10.1111/j.1540-5907.2010.00447.x},
}

@Article{amelia,
  author = {James Honaker and Gary King and Matthew Blackwell},
  title = {\pkg{Amelia {II}}: {A} {Program} for {Missing} {Data}},
  year = {2011},
  number = {1},
  journal = {Journal of Statistical Software},
  pages = {1--47},
  volume = {45},
  doi = {10.18637/jss.v045.i07},
}

@Article{missMDA,
  author = {Julie Josse and François Husson},
  title = {\pkg{missMDA}: {A} {Package} for {Handling} {Missing} {Values} in {Multivariate} {Data} {Analysis}},
  year = {2016},
  number = {1},
  journal = {Journal of Statistical Software},
  pages = {1--31},
  volume = {70},
  doi = {10.18637/jss.v070.i01},
}

@InCollection{Keeling2005-scripps,
  author = {Charles D. Keeling and Stephen C. Piper and Robert B. Bacastow and Martin Wahlen and Timothy P. Whorf and Martin Heimann and Harro A. Meijer},
  title = {Atmospheric {CO2} and {13CO2} {Exchange} with the {Terrestrial} {Biosphere} and {Oceans} from 1978 to 2000: {Observations} and {Carbon} {Cycle} {Implications}},
  shorttitle = {Atmospheric {CO2} and {13CO2} {Exchange} with the {Terrestrial} {Biosphere} and {Oceans} from 1978 to 2000},
  year = {2005},
  doi = {10.1007/0-387-27048-5_5},
  address = {New York, NY},
  booktitle = {A {History} of {Atmospheric} {CO2} and {Its} {Effects} on {Plants}, {Animals}, and {Ecosystems}},
  editor = {I. T. Baldwin and M. M. Caldwell and G. Heldmaier and Robert B. Jackson and O. L. Lange and H. A. Mooney and E.-D. Schulze and U. Sommer and James R. Ehleringer and M. {Denise Dearing} and Thure E. Cerling},
  pages = {83--113},
  publisher = {Springer-Verlag},
  series = {Ecological {Studies}},
}

@Article{VIM,
  author = {Alexander Kowarik and Matthias Templ},
  title = {Imputation with the \proglang{R}~{Package} \pkg{VIM}},
  year = {2016},
  number = {1},
  urldate = {2020-10-06},
  journal = {Journal of Statistical Software},
  pages = {1--16},
  volume = {74},
  doi = {10.18637/jss.v074.i07},
  language = {en},
}

@Manual{recipes,
  author = {Max Kuhn and Hadley Wickham},
  title = {\pkg{recipes}: Preprocessing Tools to Create Design Matrices},
  year = {2022},
  note = {\proglang{R}~package version~1.0.1},
  url = {https://CRAN.R-project.org/package=recipes},
}

@Article{FactoMineR,
  author = {Sébastien Lê and Julie Josse and François Husson},
  title = {\pkg{FactoMineR}: An \proglang{R}~Package for Multivariate Analysis},
  journal = {Journal of Statistical Software},
  volume = {25},
  number = {1},
  year = {2008},
  pages = {1--18},
  doi = {10.18637/jss.v025.i01},
}

@Manual{simputation,
  author = {Mark {van der Loo}},
  title = {\pkg{simputation}: Simple Imputation},
  year = {2022},
  note = {\proglang{R}~package version~0.2.8},
  url = {https://CRAN.R-project.org/package=simputation},
}

@Manual{rpart-plot,
  author = {Stephen Milborrow},
  title = {\pkg{rpart.plot}: Plot \pkg{rpart} Models: An Enhanced Version of \code{plot.rpart}},
  year = {2022},
  note = {\proglang{R}~package version~3.1.1},
  url = {https://CRAN.R-project.org/package=rpart.plot},
}

@Article{imputeTS,
  author = {Steffen Moritz and Thomas Bartz-Beielstein},
  title = {\pkg{imputeTS}: {Time} {Series} {Missing} {Value} {Imputation} in \proglang{R}},
  year = {2017},
  number = {1},
  journal = {The \proglang{R}~Journal},
  pages = {207},
  volume = {9},
  doi = {10.32614/rj-2017-009},
}

@Manual{gganimate,
  author = {Thomas Lin Pedersen and David Robinson},
  title = {\pkg{gganimate}: A Grammar of Animated Graphics},
  year = {2020},
  note = {\proglang{R}~package version~1.0.7},
  url = {https://CRAN.R-project.org/package=gganimate},
}

@Article{scikit-learn,
  author = {Fabian Pedregosa and Gaël Varoquaux and Alexandre Gramfort and Vincent Michel and Bertrand Thirion and Olivier Grisel and Mathieu Blondel and Peter Prettenhofer and Ron Weiss and Vincent Dubourg and Jake Vanderplas and Alexandre Passos and David Cournapeau},
  title = {\pkg{Scikit-Learn}: Machine Learning in \proglang{Python}},
  journal = {The Journal of Machine Learning Research},
  year = {2011},
  pages = {2825--2830},
  volume = {12},
}

@Manual{Kaggle-2018-data,
  author = {Tony Pino and Nicholas Tierney},
  title = {{njtierney/Melb-Housing-Data: Melbourne Housing Data Releae}},
  year = {2019},
  publisher = {Zenodo},
  version = {1.0.0},
  doi = {10.5281/zenodo.2575484},
}

@Article{schafer-norm,
  author = {Joseph L Schafer},
  journal = {Software for Windows},
  title = {\proglang{NORM}: Multiple Imputation of Incomplete Multivariate Data under a Normal Model, Version~2},
  year = {1999},
  pages = {98},
  volume = {95},
}

@Article{Schafer2002,
  author = {Joseph L. Schafer and John W. Graham},
  title = {Missing Data: Our View of the State of the Art},
  year = {2002},
  pmid = {12090408},
  number = {2},
  journal = {Psychological Methods},
  pages = {147--177},
  volume = {7},
  doi = {10.1037/1082-989x.7.2.147},
}

@Book{plotly,
  author = {Carson Sievert},
  title = {Interactive {Web}-{Based} {Data} {Visualization} with \proglang{R}, \pkg{plotly}, and \pkg{shiny}},
  year = {2020},
  address = {Boca Raton, FL},
  edition = {1st},
  publisher = {Chapman and Hall/CRC},
  doi = {10.1201/9780429447273},
}

@Article{tidytext,
  author = {Julia Silge and David Robinson},
  title = {\pkg{tidytext}: {Text} {Mining} and {Analysis} {Using} {Tidy} {Data} {Principles} in \proglang{R}},
  year = {2016},
  number = {3},
  journal = {The Journal of Open Source Software},
  pages = {37},
  volume = {1},
  doi = {10.21105/joss.00037},
}

@Article{Sterne2009,
  author = {Jonathan A. C. Sterne and Ian R. White and John B. Carlin and Michael Spratt and Patrick Royston and Michael G. Kenward and Angela M. Wood and James R. Carpenter},
  title = {Multiple Imputation for Missing Data in Epidemiological and Clinical Research: Potential and Pitfalls},
  year = {2009},
  pmid = {19564179},
  volume = {338},
  shorttitle = {Multiple imputation for missing data in epidemiological and clinical research},
  doi = {10.1136/bmj.b2393},
  journal = {BMJ},
}

@Article{mi,
  author = {Yu-Sung Su and Andrew Gelman and Jennifer Hill and Masanao Yajima},
  title = {Multiple {Imputation} with {Diagnostics} (\pkg{mi}) in \proglang{R}: {Opening} {Windows} into the {Black} {Box}},
  year = {2011},
  number = {1},
  urldate = {2020-10-06},
  journal = {Journal of Statistical Software},
  pages = {1--31},
  volume = {45},
  doi = {10.18637/jss.v045.i02},
}

@Article{Swayne1998,
  author = {Deborah F. Swayne and Andreas Buja},
  title = {Missing Data in Interactive High-Dimensional Data Visualization},
  year = {1998},
  number = {1},
  journal = {Computational Statistics},
  pages = {15--26},
  volume = {13},
  doi = {10.2307/1390754},
}

@Manual{rpart,
  author = {Terry Therneau and Beth Atkinson},
  title = {\pkg{rpart}: Recursive Partitioning and Regression Trees},
  year = {2022},
  note = {\proglang{R}~package version~4.1.16},
  url = {https://CRAN.R-project.org/package=rpart},
}

@Article{visdat,
  author = {Nicholas Tierney},
  title = {\pkg{visdat}: {Visualising} {Whole} {Data} {Frames}},
  year = {2017},
  number = {16},
  urldate = {2020-10-06},
  journal = {The Journal of Open Source Software},
  pages = {355},
  volume = {2},
  shorttitle = {visdat},
  doi = {10.21105/joss.00355},
  language = {en},
}

@Article{Tierney2015,
  author = {Nicholas J. Tierney and Fiona A. Harden and Maurice J. Harden and Kerrie L. Mengersen},
  title = {Using Decision Trees to Understand Structure in Missing Data},
  year = {2015},
  number = {6},
  journal = {BMJ Open},
  pages = {e007450},
  volume = {5},
  doi = {10.1136/bmjopen-2014-007450},
}

@Article{Treisman1985,
  author = {Anne Treisman},
  title = {Preattentive Processing in Vision},
  year = {1985},
  number = {2},
  journal = {Computer Vision, Graphics, and Image Processing},
  pages = {156--177},
  volume = {31},
  doi = {10.1016/s0734-189x(85)80004-9},
}

@Article{Unwin1996,
  author = {Antony Unwin and George Hawkins and Heike Hofmann and Bernd Siegl},
  title = {Interactive {Graphics} for {Data} {Sets} with {Missing} {Values}--\proglang{MANET}},
  year = {1996},
  number = {2},
  journal = {Journal of Computational and Graphical Statistics},
  pages = {113--122},
  volume = {5},
  doi = {10.1080/10618600.1996.10474700},
}

@Book{vanBuuren2018,
  author = {Stef {van Buuren}},
  title = {Flexible Imputation of Missing Data},
  year = {2018},
  publisher = {CRC press},
  doi = {10.1201/9780429492259},
}

@Manual{tidycensus,
  author = {Kyle Walker},
  title = {\pkg{tidycensus}: Load {US} Census Boundary and Attribute Data as \pkg{tidyverse} and \pkg{sf}-Ready Data Frames},
  year = {2022},
  note = {\proglang{R}~package version~1.2.2},
  url = {https://CRAN.R-project.org/package=tidycensus},
}

@Article{Wang2020tsibble,
  author = {Earo Wang and Dianne Cook and Rob J. Hyndman},
  title = {A {New} {Tidy} {Data} {Structure} to {Support} {Exploration} and {Modeling} of {Temporal} {Data}},
  year = {2020},
  number = {3},
  journal = {Journal of Computational and Graphical Statistics},
  pages = {466--478},
  volume = {29},
  doi = {10.1080/10618600.2019.1695624},
}

@Article{Wickham2014,
  author = {Hadley Wickham},
  title = {Tidy {Data}},
  year = {2014},
  number = {1},
  journal = {Journal of Statistical Software},
  pages = {1--23},
  volume = {59},
  doi = {10.18637/jss.v059.i10},
}

@Book{ggplot2,
  author = {Hadley Wickham},
  title = {\pkg{ggplot2}: {Elegant} {Graphics} for {Data} {Analysis}},
  shorttitle = {ggplot2},
  year = {2016},
  doi = {10.1007/978-3-319-24277-4},
  edition = {2},
  publisher = {Springer-Verlag},
}

@Manual{stringr,
  author = {Hadley Wickham},
  title = {\pkg{stringr}: Simple, Consistent Wrappers for Common String Operations},
  year = {2022},
  note = {\proglang{R}~package version~1.4.1},
  url = {https://CRAN.R-project.org/package=stringr},
}

@Article{tidyverse,
  author = {Hadley Wickham and Mara Averick and Jennifer Bryan and Winston Chang and Lucy D'Agostino McGowan and Romain François and Garrett Grolemund and Alex Hayes and Lionel Henry and Jim Hester and Max Kuhn and Thomas Lin Pedersen and Evan Miller and Stephan Milton Bache and Kirill Müller and Jeroen Ooms and David Robinson and Dana Paige Seidel and Vitalie Spinu and Kohske Takahashi and Davis Vaughan and Claus Wilke and Kara Woo and Hiroaki Yutani},
  title = {Welcome to the {Tidyverse}},
  year = {2019},
  number = {43},
  journal = {Journal of Open Source Software},
  pages = {1686},
  volume = {4},
  doi = {10.21105/joss.01686},
}

@Manual{readxl,
  author = {Hadley Wickham and Jennifer Bryan},
  title = {\pkg{readxl}: Read Excel Files},
  year = {2022},
  note = {\proglang{R}~package version~1.4.1},
  url = {https://CRAN.R-project.org/package=readxl},
}

@Manual{dplyr,
  author = {Hadley Wickham and Romain Francois and Lionel Henry and Kirill Müller},
  title = {\pkg{dplyr}: A Grammar of Data Manipulation},
  year = {2022},
  note = {\proglang{R}~package version~1.0.10},
  url = {https://CRAN.R-project.org/package=dplyr},
}

@Book{r4ds,
  author = {Hadley Wickham and Garrett Grolemund},
  title = {\proglang{R} for {Data} {Science}: {Import}, {Tidy}, {Transform}, {Visualize}, and {Model} {Data}},
  shorttitle = {\proglang{R} for {Data} {Science}},
  year = {2017},
  address = {Sebastopol, CA},
  edition = {1st},
  publisher = {O'Reilly Media},
}

@Manual{tidyr,
  title = {\pkg{tidyr}: Tidy Messy Data},
  author = {Hadley Wickham},
  year = {2022},
  note = {\proglang{R}~package version~1.2.0},
  url = {https://CRAN.R-project.org/package=tidyr},
}

@Manual{readr,
  author = {Hadley Wickham and Jim Hester and Romain Francois},
  title = {\pkg{readr}: Read Rectangular Text Data},
  year = {2022},
  note = {\proglang{R}~package version~2.1.2},
  url = {https://CRAN.R-project.org/package=readr},
}

@Manual{haven,
  author = {Hadley Wickham and Evan Miller and Danny Smith},
  title = {\pkg{haven}: Import and Export \proglang{SPSS}, \proglang{Stata} and \proglang{SAS} Files},
  year = {2022},
  note = {\proglang{R}~package version~2.5.1},
  url = {https://CRAN.R-project.org/package=haven},
}

@InCollection{Wilkinson2012,
  author = {Leland Wilkinson},
  title = {The {Grammar} of {Graphics}},
  year = {2012},
  doi = {10.1007/978-3-642-21551-3_13},
  address = {Berlin, Heidelberg},
  booktitle = {Handbook of {Computational} {Statistics}: {Concepts} and {Methods}},
  editor = {James E. Gentle and Wolfgang Karl Härdle and Yuichi Mori},
  pages = {375--414},
  publisher = {Springer-Verlag},
  series = {Springer {Handbooks} of {Computational} {Statistics}},
}

@Manual{rcore,
  author = {{\proglang{R} Core Team}},
  title = {\proglang{R}: A Language and Environment for Statistical Computing},
  year = {2022},
  address = {Vienna, Austria},
  organization = {\proglang{R} Foundation for Statistical Computing},
  url = {https://www.R-project.org/},
}
