@ARTICLE{Rubin1976,
  title     = "Inference and missing data",
  author    = "Rubin, Donald B",
  journal   = "Biometrika",
  publisher = "Oxford University Press",
  volume    =  63,
  number    =  3,
  pages     = "581--592",
  month     =  dec,
  year      =  1976
}


@book{r4ds,
	address = {Sebastopol, CA},
	edition = {First edition},
	title = {R for data science: import, tidy, transform, visualize, and model data},
	isbn = {9781491910399 9781491910368},
	shorttitle = {R for data science},
	abstract = {"This book introduces you to R, RStudio, and the tidyverse, a collection of R packages designed to work together to make data science fast, fluent, and fun. Suitable for readers with no previous programming experience"--},
	publisher = {O'Reilly},
	author = {Wickham, Hadley and Grolemund, Garrett},
	year = {2016},
	note = {OCLC: ocn968213225},
	keywords = {R (Computer program language), Data mining, Computer programs, Information visualization, Computer programs, Big data, Databases, Big data, Databases, Electronic data processing, R (Computer program language), Statistics}
}

@ARTICLE{Unwin1996,
  title     = "Interactive Graphics for Data Sets with Missing Values: {MANET}",
  author    = "Unwin, Antony and Hawkins, George and Hofmann, Heike and Siegl,
               Bernd",
  journal   = "Journal of computational and graphical statistics: a joint
               publication of American Statistical Association, Institute of
               Mathematical Statistics, Interface Foundation of North America",
  publisher = "[American Statistical Association, Taylor \& Francis, Ltd.,
               Institute of Mathematical Statistics, Interface Foundation of
               America]",
  volume    =  5,
  number    =  2,
  pages     = "113--122",
  year      =  1996
}

@ARTICLE{Simon1986,
  title     = "Diagnostic Plots for Missing Data in Least Squares Regression",
  author    = "Simon, Gary A and Simonoff, Jeffrey S",
  journal   = "Journal of the American Statistical Association",
  publisher = "Taylor \& Francis",
  volume    =  81,
  number    =  394,
  pages     = "501--509",
  month     =  jun,
  year      =  1986
}

@ARTICLE{Wickham2014,
  title   = "Tidy Data",
  author  = "Wickham, Hadley",
  journal = "Journal of statistical software",
  volume  =  59,
  number  =  10,
  pages   = "1--23",
  year    =  2014
}

@ARTICLE{Little1988,
  title     = "A Test of Missing Completely at Random for Multivariate Data
               with Missing Values",
  author    = "Little, Roderick J A",
  journal   = "Journal of the American Statistical Association",
  publisher = "Taylor \& Francis",
  volume    =  83,
  number    =  404,
  pages     = "1198--1202",
  month     =  dec,
  year      =  1988
}

@ARTICLE{Wickham2010,
  title   = "A Layered Grammar of Graphics",
  author  = "Wickham, Hadley",
  journal = "Journal of computational and graphical statistics: a joint
             publication of American Statistical Association, Institute of
             Mathematical Statistics, Interface Foundation of North America",
  volume  =  19,
  number  =  1,
  pages   = "3--28",
  year    =  2010
}

@ARTICLE{Schafer2002,
  title    = "Missing data: our view of the state of the art",
  author   = "Schafer, Joseph L and Graham, John W",
  journal  = "Psychological methods",
  volume   =  7,
  number   =  2,
  pages    = "147--177",
  month    =  jun,
  year     =  2002,
  language = "en"
}

@ARTICLE{Collins2001,
  title    = "A comparison of inclusive and restrictive strategies in modern
              missing data procedures",
  author   = "Collins, L M and Schafer, J L and Kam, C M",
  journal  = "Psychological methods",
  volume   =  6,
  number   =  4,
  pages    = "330--351",
  month    =  dec,
  year     =  2001,
  language = "en"
}

@ARTICLE{Schafer2010,
  title  = "Multivariate Behavioral Multiple Imputation for Multivariate
            {Missing-Data} Problems : A Data Analyst ' s Perspective",
  author = "Schafer, Joseph L and Olsen, Maren K",
  number = "July 2014",
  pages  = "37--41",
  year   =  2010
}

@ARTICLE{Schafer2003,
  title   = "Multiple Imputation in Multivariate Problems When the Imputation
             and Analysis Models Differ",
  author  = "Schafer, Joseph L",
  journal = "Statistica Neerlandica",
  volume  =  57,
  number  =  1,
  pages   = "19--35",
  month   =  feb,
  year    =  2003
}

@ARTICLE{Swayne1998,
  title     = "Missing data in interactive high-dimensional data visualization",
  author    = "Swayne, D F and Buja, A",
  journal   = "Computational statistics",
  publisher = "researchgate.net",
  pages     = "1--8",
  year      =  1998
}

@BOOK{VanBuuren2012,
  title     = "Flexible Imputation of Missing Data",
  author    = "van Buuren, Stef",
  publisher = "CRC Press",
  month     =  mar,
  year      =  2012,
  language  = "en"
}


@ARTICLE{Donoho2017,
  title     = "50 Years of Data Science",
  author    = "Donoho, David",
  journal   = "Journal of computational and graphical statistics: a joint
               publication of American Statistical Association, Institute of
               Mathematical Statistics, Interface Foundation of North America",
  publisher = "Taylor \& Francis",
  volume    =  26,
  number    =  4,
  pages     = "745--766",
  month     =  oct,
  year      =  2017
}


@ARTICLE{Barnett2017,
  title     = "Identifying patterns of item missing survey data using latent
               groups: an observational study",
  author    = "Barnett, Adrian G and McElwee, Paul and Nathan, Andrea and
               Burton, Nicola W and Turrell, Gavin",
  journal   = "BMJ open",
  publisher = "bmjopen.bmj.com",
  volume    =  7,
  number    =  10,
  pages     = "e017284",
  month     =  oct,
  year      =  2017,
  language  = "en"
}

@ARTICLE{Hedeker1997,
  title   = "Application of random-effects pattern-mixture models for missing
             data in longitudinal studies",
  author  = "Hedeker, Donald and Gibbons, Robert D",
  journal = "Psychological methods",
  volume  =  2,
  number  =  1,
  pages   = "64--78",
  year    =  1997
}


@ARTICLE{Tierney2015,
  title     = "Using decision trees to understand structure in missing data",
  author    = "Tierney, Nicholas J and Harden, Fiona A and Harden, Maurice J
               and Mengersen, Kerrie L",
  journal   = "BMJ open",
  publisher = "bmjopen.bmj.com",
  volume    =  5,
  number    =  6,
  pages     = "e007450",
  month     =  jun,
  year      =  2015
}

@Manual{dplyr,
    title = {dplyr: A Grammar of Data Manipulation},
    author = {Hadley Wickham and Romain Francois and Lionel Henry and Kirill Müller},
    year = {2017},
    note = {R package version 0.7.4},
    url = {https://CRAN.R-project.org/package=dplyr},
  }
  
@Manual{tidyr,
    title = {tidyr: Easily Tidy Data with 'spread()' and 'gather()' Functions},
    author = {Hadley Wickham and Lionel Henry},
    year = {2018},
    note = {R package version 0.8.0},
    url = {https://CRAN.R-project.org/package=tidyr},
  }

@Book{ggplot2,
    author = {Hadley Wickham},
    title = {ggplot2: Elegant Graphics for Data Analysis},
    publisher = {Springer-Verlag New York},
    year = {2009},
    isbn = {978-0-387-98140-6},
    url = {http://ggplot2.org},
  }

@article{wang2020tsibble,
  Author = {Earo Wang and Dianne Cook and Rob J Hyndman},
  Title = {A new tidy data structure to support exploration and modeling of temporal data},
  journal = {Journal of Computational and Graphical Statistics},
  volume = {0},
  number = {0},
  pages = {1-13},
  year  = {2020},
  publisher = {Taylor \& Francis},
  doi = {10.1080/10618600.2019.1695624}
}

@Article{tidytext,
    title = {tidytext: Text Mining and Analysis Using Tidy Data Principles in R},
    author = {Julia Silge and David Robinson},
    doi = {10.21105/joss.00037},
    url = {http://dx.doi.org/10.21105/joss.00037},
    year = {2016},
    publisher = {The Open Journal},
    volume = {1},
    number = {3},
    journal = {JOSS},
  }


@ARTICLE{Wilkinson2012,
  title     = "The grammar of graphics",
  author    = "Wilkinson, L",
  journal   = "Handbook of Computational Statistics",
  publisher = "Springer",
  year      =  2012
}


@Article{tidyverse,
    title = {Welcome to the {tidyverse}},
    author = {Hadley Wickham and Mara Averick and Jennifer Bryan and Winston Chang and Lucy D'Agostino McGowan and Romain François and Garrett Grolemund and Alex Hayes and Lionel Henry and Jim Hester and Max Kuhn and Thomas Lin Pedersen and Evan Miller and Stephan Milton Bache and Kirill Müller and Jeroen Ooms and David Robinson and Dana Paige Seidel and Vitalie Spinu and Kohske Takahashi and Davis Vaughan and Claus Wilke and Kara Woo and Hiroaki Yutani},
    year = {2019},
    journal = {Journal of Open Source Software},
    volume = {4},
    number = {43},
    pages = {1686},
    doi = {10.21105/joss.01686},
  }

@MISC{Tidyverse-Manifesto,
  title        = "The tidy tools manifesto",
  author       = "Wickham, Hadley",
  month        =  nov,
  year         =  2017,
  howpublished = "\url{https://cran.r-project.org/web/packages/tidyverse/vignettes/manifesto.html}",
  note         = "Accessed: 2018-4-10"
}

@Manual{readr,
    title = {readr: Read Rectangular Text Data},
    author = {Hadley Wickham and Jim Hester and Romain Francois},
    year = {2017},
    note = {R package version 1.1.1},
    url = {https://CRAN.R-project.org/package=readr},
  }

@Manual{readxl,
    title = {readxl: Read Excel Files},
    author = {Hadley Wickham and Jennifer Bryan},
    year = {2017},
    note = {R package version 1.0.0},
    url = {https://CRAN.R-project.org/package=readxl},
  }

@Manual{haven,
    title = {haven: Import and Export 'SPSS', 'Stata' and 'SAS' Files},
    author = {Hadley Wickham and Evan Miller},
    year = {2018},
    note = {R package version 1.1.1},
    url = {https://CRAN.R-project.org/package=haven},
  }

@Manual{stringr,
    title = {stringr: Simple, Consistent Wrappers for Common String Operations},
    author = {Hadley Wickham},
    year = {2018},
    note = {R package version 1.3.0},
    url = {https://CRAN.R-project.org/package=stringr},
  }

@Article{lubridate,
    title = {Dates and Times Made Easy with {lubridate}},
    author = {Garrett Grolemund and Hadley Wickham},
    journal = {Journal of Statistical Software},
    year = {2011},
    volume = {40},
    number = {3},
    pages = {1--25},
    url = {http://www.jstatsoft.org/v40/i03/},
  }

@Manual{purrr,
    title = {purrr: Functional Programming Tools},
    author = {Lionel Henry and Hadley Wickham},
    year = {2017},
    note = {R package version 0.2.4},
    url = {https://CRAN.R-project.org/package=purrr},
  }

@BOOK{Cook2007,
  title     = "Interactive and Dynamic Graphics for Data Analysis With {R} and
               {GGobi}",
  author    = "Cook, Dianne and Swayne, Deborah F",
  publisher = "Springer Publishing Company, Incorporated",
  edition   = "1st",
  year      =  2007
}


@ARTICLE{Cheng2015,
  title   = "Visually Exploring Missing Values in Multivariable Data Using a
             Graphical User Interface",
  author  = "Cheng, Xiaoyue and Cook, Dianne and Hofmann, Heike",
  journal = "Journal of statistical software",
  volume  =  68,
  number  =  1,
  pages   = "1--23",
  year    =  2015
}

@Manual{recipes,
    title = {recipes: Preprocessing Tools to Create Design Matrices},
    author = {Max Kuhn and Hadley Wickham},
    year = {2019},
    note = {R package version 0.1.8},
    url = {https://CRAN.R-project.org/package=recipes},
  }
  
@Article{amelia,
    title = {{Amelia II}: A Program for Missing Data},
    author = {James Honaker and Gary King and Matthew Blackwell},
    journal = {Journal of Statistical Software},
    year = {2011},
    volume = {45},
    number = {7},
    pages = {1--47},
    url = {http://www.jstatsoft.org/v45/i07/},
  }

@Article{mi,
    title = {Opening Windows to the Black Box},
    author = {Andrew Gelman and Jennifer Hill},
    journal = {Journal of Statistical Software},
    year = {2011},
    volume = {40},
  }

@Article{mice,
    title = {{mice}: Multivariate Imputation by Chained Equations in R},
    author = {Stef {van Buuren} and Karin Groothuis-Oudshoorn},
    journal = {Journal of Statistical Software},
    year = {2011},
    volume = {45},
    number = {3},
    pages = {1--67},
    url = {http://www.jstatsoft.org/v45/i03/},
  }


@ARTICLE{Sterne2009,
  title   = "Multiple imputation for missing data in epidemiological and
             clinical research: potential and pitfalls",
  author  = "Sterne, Jonathan a C and White, Ian R and Carlin, John B and
             Spratt, Michael and Royston, Patrick and Kenward, Michael G and
             Wood, Angela M and Carpenter, James R",
  journal = "BMJ",
  volume  =  338,
  pages   = "b2393",
  year    =  2009
}

@Article{VIM,
    title = {Imputation with the {R} Package {VIM}},
    author = {Alexander Kowarik and Matthias Templ},
    journal = {Journal of Statistical Software},
    year = {2016},
    volume = {74},
    number = {7},
    pages = {1--16},
    doi = {10.18637/jss.v074.i07},
  }


@ARTICLE{Honaker2010,
  title   = "What to Do about Missing Values in {Time-Series} {Cross-Section}
             Data",
  author  = "Honaker, James and King, Gary",
  journal = "American journal of political science",
  volume  =  54,
  number  =  2,
  pages   = "561--581",
  month   =  apr,
  year    =  2010
}

@Manual{simputation,
    title = {simputation: Simple Imputation},
    author = {Mark {van der Loo}},
    year = {2017},
    note = {R package version 0.2.2},
    url = {https://CRAN.R-project.org/package=simputation},
  }


@ARTICLE{Dempster1977,
  title     = "Maximum Likelihood from Incomplete Data via the {EM} Algorithm",
  author    = "Dempster, A P and Laird, N M and Rubin, D B",
  journal   = "Journal of the Royal Statistical Society. Series B, Statistical
               methodology",
  publisher = "[Royal Statistical Society, Wiley]",
  volume    =  39,
  number    =  1,
  pages     = "1--38",
  year      =  1977
}

@Manual{migui,
    title = {migui: Graphical User Interface to the 'mi' Package},
    author = {Ben Goodrich},
    year = {2015},
    note = {R package version 1.1},
    url = {https://CRAN.R-project.org/package=migui},
  }


@article{treisman1985,
  title={Preattentive processing in vision},
  author={Treisman, Anne},
  journal={Computer vision, graphics, and image processing},
  volume={31},
  number={2},
  pages={156--177},
  year={1985}
}

@Manual{tidycensus,
    title = {tidycensus: Load US Census Boundary and Attribute Data as 'tidyverse' and
'sf'-Ready Data Frames},
    author = {Kyle Walker},
    year = {2018},
    note = {R package version 0.4.6},
    url = {https://CRAN.R-project.org/package=tidycensus},
  }

@TECHREPORT{Ellis2017,
  title       = "How to share data for collaboration",
  author      = "Ellis, Shannon E and Leek, Jeffrey T",
  publisher   = "PeerJ Inc.",
  number      = "e3139v1",
  institution = "PeerJ Preprints",
  month       =  aug,
  year        =  2017,
  language    = "en"
}


@TECHREPORT{Broman2017,
  title       = "Data organization in spreadsheets",
  author      = "Broman, Karl W and Woo, Kara H",
  publisher   = "PeerJ Inc.",
  number      = "e3183v1",
  institution = "PeerJ Preprints",
  month       =  aug,
  year        =  2017,
  language    = "en"
}

@Article{visdat,
    title = {visdat: Visualising Whole Data Frames},
    author = {Nicholas Tierney},
    doi = {10.21105/joss.00355},
    url = {http://dx.doi.org/10.21105/joss.00355},
    year = {2017},
    publisher = {Journal of Open Source Software},
    volume = {2},
    number = {16},
    pages = {355},
    journal = {JOSS},
  }

@Manual{Hmisc,
    title = {Hmisc: Harrell Miscellaneous},
    author = {Frank E {Harrell Jr} and with contributions from Charles Dupont and many others.},
    year = {2018},
    note = {R package version 4.1-1},
    url = {https://CRAN.R-project.org/package=Hmisc},
  }

 @Article{imputeTS,
    title = {{imputeTS: Time Series Missing Value Imputation in R}},
    author = {Steffen Moritz and Thomas Bartz-Beielstein},
    journal = {{The R Journal}},
    volume = {9},
    number = {1},
    pages = {207--218},
    year = {2017},
    url = {https://journal.r-project.org/archive/2017/RJ-2017-009/index.html},
  }

 @Manual{norm,
    title = {norm: Analysis of multivariate normal datasets with missing values},
    author = {Ported to R by Alvaro A. Novo. Original by Joseph L. Schafer <jls@stat.psu.edu>.},
    year = {2013},
    note = {R package version 1.0-9.5},
    url = {https://CRAN.R-project.org/package=norm},
  }

@Manual{GGally,
    title = {GGally: Extension to 'ggplot2'},
    author = {Barret Schloerke and Jason Crowley and Di Cook and Francois Briatte and Moritz Marbach and Edwin Thoen and Amos Elberg and Joseph Larmarange},
    year = {2017},
    note = {R package version 1.3.2},
    url = {https://CRAN.R-project.org/package=GGally},
  }


@ARTICLE{Conway2017,
  title    = "{UpSetR}: an {R} package for the visualization of intersecting
              sets and their properties",
  author   = "Conway, Jake R and Lex, Alexander and Gehlenborg, Nils",
  journal  = "Bioinformatics",
  volume   =  33,
  number   =  18,
  pages    = "2938--2940",
  month    =  sep,
  year     =  2017,
  language = "en"
}

@Manual{rpart,
    title = {rpart: Recursive Partitioning and Regression Trees},
    author = {Terry Therneau and Beth Atkinson},
    year = {2018},
    note = {R package version 4.1-13},
    url = {https://CRAN.R-project.org/package=rpart},
  }

@Manual{rpart-plot,
    title = {rpart.plot: Plot 'rpart' Models: An Enhanced Version of 'plot.rpart'},
    author = {Stephen Milborrow},
    year = {2018},
    note = {R package version 2.2.0},
    url = {https://CRAN.R-project.org/package=rpart.plot},
  }

@misc{Kaggle-2018-data,
  author       = {Nicholas Tierney},
  title        = {{njtierney/melb-housing-data: Melbourne Housing 
                   Data Releae}},
  month        = feb,
  year         = 2019,
  doi          = {10.5281/zenodo.2575484},
  url          = {https://doi.org/10.5281/zenodo.2575484}
}

@article{missMDA,
   author = {Julie Josse and François Husson},
   title = {missMDA: A Package for Handling Missing Values in Multivariate Data Analysis},
   journal = {Journal of Statistical Software, Articles},
   volume = {70},
   number = {1},
   year = {2016},
   issn = {1548-7660},
   pages = {1--31},
   doi = {10.18637/jss.v070.i01},
   url = {https://www.jstatsoft.org/v070/i01}
}


@Manual{sf,
    title = {sf: Simple Features for R},
    author = {Edzer Pebesma},
    year = {2018},
    note = {R package version 0.6-3},
    url = {https://CRAN.R-project.org/package=sf},
  }

@Manual{tidygraph,
    title = {tidygraph: A Tidy API for Graph Manipulation},
    author = {Thomas Lin Pedersen},
    year = {2018},
    note = {R package version 1.1.0},
    url = {https://CRAN.R-project.org/package=tidygraph},
    }

@Article{FactoMineR,
    title = {{FactoMineR}: A Package for Multivariate Analysis},
    author = {S\'ebastien L\^e and Julie Josse and Fran\c{c}ois Husson},
    journal = {Journal of Statistical Software},
    year = {2008},
    volume = {25},
    number = {1},
    pages = {1--18},
    doi = {10.18637/jss.v025.i01},
  }


@online{gganimate-talk,
        title = {Some cool motion sensor stuff},
        date = {2018-07-12},
        organization = {UseR},
        author = {Thomas Lin Pedersen},
        url = {https://www.youtube.com/watch?v=21ZWDrTukEs},
    }

@Manual{gganimate,
    title = {gganimate: A Grammar of Animated Graphics},
    author = {Thomas Lin Pedersen and David Robinson},
    year = {2017},
    note = {R package version 0.9.9.9999},
    url = {http://github.com/thomasp85/gganimate},
  }

@Manual{schafer-norm,
    title = {NORM: Multiple imputation of incomplete
multivariate data under a normal model},
    author = {Schafer, J.L.},
    year = {1999},
    publisher = {University Park: Pennsylvania State University,
Department of Statistics},
    note = {Computer Software}}


@ARTICLE{Durre2008-ghcn,
  title     = "Strategies for Evaluating Quality Assurance Procedures",
  author    = "Durre, Imke and Menne, Matthew J and Vose, Russell S",
  journal   = "Journal of Applied Meteorology and Climatology",
  publisher = "American Meteorological Society",
  volume    =  47,
  number    =  6,
  pages     = "1785--1791",
  month     =  jun,
  year      =  2008
}

@INCOLLECTION{Keeling2005-scripps,
  title     = "Atmospheric {CO2} and {13CO2} Exchange with the Terrestrial
               Biosphere and Oceans from 1978 to 2000: Observations and Carbon
               Cycle Implications",
  booktitle = "A History of Atmospheric {CO2} and Its Effects on Plants,
               Animals, and Ecosystems",
  author    = "Keeling, Charles D and Piper, Stephen C and Bacastow, Robert B
               and Wahlen, Martin and Whorf, Timothy P and Heimann, Martin and
               Meijer, Harro A",
  editor    = "Baldwin, I T and Caldwell, M M and Heldmaier, G and Jackson,
               Robert B and Lange, O L and Mooney, H A and Schulze, E-D and
               Sommer, U and Ehleringer, James R and Denise Dearing, M and
               Cerling, Thure E",
  publisher = "Springer New York",
  pages     = "83--113",
  year      =  2005,
  address   = "New York, NY"
}

@Manual{plotly,
    title = {plotly for R},
    author = {Carson Sievert},
    year = {2018},
    url = {https://plotly-book.cpsievert.me},
  }
